@article{paper1,
  title={Test Paper One},
  author={Author A and Author B},
  journal={arXiv preprint arXiv:2301.00001},
  year={2023},
  url={https://arxiv.org/abs/2301.00001}
}

@article{paper2,
  title={Test Paper Two},
  author={Author C and Author D},
  journal={arXiv preprint arXiv:2302.00002},
  year={2023},
  url={https://arxiv.org/abs/2302.00002}
}
