@article{paper1,
  title={ReAct: Synergizing Reasoning and Acting in Language Models},
  author={Shunyu Yao and Jeffrey Zhao and Dian Yu and Nan Du and Izhak Shafran and others},
  journal={arXiv preprint arXiv:2210.03629},
  year={2023},
  url={https://arxiv.org/abs/2210.03629}
}

@article{paper2,
  title={Reflexion: Language Agents with Verbal Reinforcement Learning},
  author={Noah Shinn and Federico Cassano and Beck Labash and Ashwin Gopinath and Karthik Narasimhan and others},
  journal={arXiv preprint arXiv:2303.11366},
  year={2023},
  url={https://arxiv.org/abs/2303.11366}
}

@article{paper3,
  title={Chain-of-Thought Prompting Elicits Reasoning in Large Language Models},
  author={Jason Wei and Xuezhi Wang and Dale Schuurmans and Maarten Bosma and Brian Ichter and others},
  journal={arXiv preprint arXiv:2201.11903},
  year={2022},
  url={https://arxiv.org/abs/2201.11903}
}
